<record><leader>00000cas a2200000 i 4500</leader><controlfield tag="001">971052282</controlfield><controlfield tag="006">m     o  d        </controlfield><controlfield tag="007">cr |||||||||||</controlfield><controlfield tag="008">170201d18831927nduwr neo     0   a0eng  </controlfield><datafield ind1=" " ind2=" " tag="010"><subfield code="a">  2017218540</subfield></datafield><datafield ind1=" " ind2=" " tag="040"><subfield code="a">DLC</subfield><subfield code="b">eng</subfield><subfield code="e">rda</subfield><subfield code="c">DLC</subfield><subfield code="d">DLC</subfield><subfield code="d">OCLCF</subfield></datafield><datafield ind1="0" ind2=" " tag="022"><subfield code="a">2475-8736</subfield><subfield code="2">1</subfield></datafield><datafield ind1=" " ind2=" " tag="042"><subfield code="a">pcc</subfield><subfield code="a">nsdp</subfield></datafield><datafield ind1=" " ind2=" " tag="043"><subfield code="a">n-us-nd</subfield></datafield><datafield ind1="1" ind2="0" tag="050"><subfield code="a">ISSN RECORD</subfield></datafield><datafield ind1="1" ind2="0" tag="082"><subfield code="a">071</subfield><subfield code="2">23</subfield></datafield><datafield ind1="0" ind2=" " tag="130"><subfield code="a">Dickinson press (Dickinson, N.D. : 1883)</subfield></datafield><datafield ind1=" " ind2="4" tag="222"><subfield code="a">The Dickinson press</subfield><subfield code="b">(Dickinson, N.D. 1883. Online)</subfield></datafield><datafield ind1="1" ind2="4" tag="245"><subfield code="a">The Dickinson press.</subfield></datafield><datafield ind1=" " ind2="1" tag="264"><subfield code="a">Dickinson, Stark County, D.T. [i.e. N.D.] :</subfield><subfield code="b">Scott &amp; Mabee</subfield></datafield><datafield ind1=" " ind2=" " tag="300"><subfield code="a">1 online resource</subfield></datafield><datafield ind1=" " ind2=" " tag="310"><subfield code="a">Weekly</subfield></datafield><datafield ind1=" " ind2=" " tag="336"><subfield code="a">text</subfield><subfield code="b">txt</subfield><subfield code="2">rdacontent</subfield></datafield><datafield ind1=" " ind2=" " tag="337"><subfield code="a">computer</subfield><subfield code="b">c</subfield><subfield code="2">rdamedia</subfield></datafield><datafield ind1=" " ind2=" " tag="338"><subfield code="a">online resource</subfield><subfield code="b">cr</subfield><subfield code="2">rdacarrier</subfield></datafield><datafield ind1="1" ind2=" " tag="362"><subfield code="a">Began with vol. 1, no. 1 (March 31, 1883); ceased December 29, 1927.</subfield></datafield><datafield ind1=" " ind2=" " tag="500"><subfield code="a">"Official paper for Stark County."</subfield></datafield><datafield ind1=" " ind2=" " tag="500"><subfield code="a">Publisher: Myron L. Ayers, &lt;January 7-December 30, 1893&gt;.</subfield></datafield><datafield ind1=" " ind2=" " tag="530"><subfield code="a">Available on microfilm from the State Historical Society of North Dakota.</subfield></datafield><datafield ind1=" " ind2=" " tag="588"><subfield code="a">Description based on: Vol. 1, no. 1 (March 31, 1883); title from masthead (Chroniclingamerica.loc.gov, viewed February 1, 2017).</subfield></datafield><datafield ind1=" " ind2=" " tag="588"><subfield code="a">Latest issue consulted: Vol. XI, no. 39 (December 30, 1893) (Chroniclingamerica.loc.gov, viewed February 1, 2017).</subfield></datafield><datafield ind1=" " ind2="0" tag="651"><subfield code="a">Dickinson (N.D.)</subfield><subfield code="v">Newspapers.</subfield></datafield><datafield ind1=" " ind2="7" tag="655"><subfield code="a">Newspapers.</subfield><subfield code="2">fast</subfield><subfield code="0">(OCoLC)fst01423814</subfield></datafield><datafield ind1=" " ind2="7" tag="651"><subfield code="a">North Dakota</subfield><subfield code="z">Dickinson.</subfield><subfield code="2">fast</subfield><subfield code="0">(OCoLC)fst01208545</subfield></datafield><datafield ind1=" " ind2=" " tag="752"><subfield code="a">United States</subfield><subfield code="b">North Dakota</subfield><subfield code="c">Stark</subfield><subfield code="d">Dickinson.</subfield></datafield><datafield ind1="0" ind2="7" tag="785"><subfield code="t">Recorder-post</subfield></datafield><datafield ind1="0" ind2="7" tag="785"><subfield code="t">Dickinson press and Dickinson recorder-post</subfield></datafield><datafield ind1="4" ind2="0" tag="856"><subfield code="u">http://chroniclingamerica.loc.gov/lccn/sn88076013/issues/</subfield></datafield></record>